<?xml version="1.0" encoding="UTF-8"?><record xmlns="http://www.loc.gov/MARC21/slim" xmlns:cinclude="http://apache.org/cocoon/include/1.0" xmlns:zs="http://www.loc.gov/zing/srw/">
  <leader>00452cz  a2200133n  4500</leader>
  <controlfield tag="001">n 2010019433</controlfield>
  <controlfield tag="003">DLC</controlfield>
  <controlfield tag="005">20100613074854.0</controlfield>
  <controlfield tag="008">100331n| acannaabn          |n aaa      </controlfield>
  <datafield tag="010" ind1=" " ind2=" ">
    <subfield code="a">n 2010019433</subfield>
  </datafield>
  <datafield tag="035" ind1=" " ind2=" ">
    <subfield code="a">(OCoLC)oca08447160</subfield>
  </datafield>
  <datafield tag="040" ind1=" " ind2=" ">
    <subfield code="a">DLC</subfield>
    <subfield code="b">eng</subfield>
    <subfield code="c">DLC</subfield>
    <subfield code="d">IEN</subfield>
  </datafield>
  <datafield tag="100" ind1="0" ind2=" ">
    <subfield code="a">Pseudo Aristotele.</subfield>
    <subfield code="t">Quaestiones mechanicae</subfield>
  </datafield>
  <datafield tag="670" ind1=" " ind2=" ">
    <subfield code="a">Labzunov, Aleksandr Vladimirovich. Traktat "Mekhanicheskie problemy" psevdo-Aristoteli︠a︡ i antichnai︠a︡ mekhanika, 2002</subfield>
  </datafield>
</record>